@technicalreport{webgl,
title = {{WebGL Specification, Version 1.0.1, 27 January 2012}},
author = {Chris Marrin},
year = {2012},
note = {\url{https://www.khronos.org/registry/webgl/specs/1.0/}, accessed 04/21/2013}
}

@inproceedings{Huang:2007:PBD:1776594.1776646,
 author = {Huang, Yu and Llach, Joan and Bhagavathy, Sitaram},
 title = {{Players and Ball Detection in Soccer Videos based on Color Segmentation and Shape Analysis}},
 booktitle = {{Proceedings of the 2007 International Conference on Multimedia Content Analysis and Mining}},
 series = {MCAM'07},
 year = {2007},
 isbn = {978-3-540-73416-1},
 location = {Weihai, China},
 pages = {416--425},
 numpages = {10},
 url = {http://dl.acm.org/citation.cfm?id=1776594.1776646},
 acmid = {1776646},
 publisher = {Springer-Verlag},
 address = {Berlin, Heidelberg},
 keywords = {distance transform, object detection, shape analysis, skeleton pruning},
} 

@inproceedings{Liang:2005:SBD:2163110.2163186,
 author = {Liang, Dawei and Liu, Yang and Huang, Qingming and Gao, Wen},
 title = {{A Scheme for Ball Detection and Tracking in Broadcast Soccer Video}},
 booktitle = {{Proceedings of the 6th Pacific-Rim Conference on Advances in Multimedia Information Processing -- Volume Part I}},
 series = {PCM'05},
 year = {2005},
 isbn = {3-540-30027-9, 978-3-540-30027-4},
 location = {Jeju Island, Korea},
 pages = {864--875},
 numpages = {12},
 url = {http://dx.doi.org/10.1007/11581772_76},
 doi = {10.1007/11581772_76},
 acmid = {2163186},
 publisher = {Springer-Verlag},
 address = {Berlin, Heidelberg},
} 

@online{ragnar2012football,
  author = {Nils Ragnar LÃ¸vhaug and Else Lie},
  title = {{Fully Automated Football Analysis}},
  year = {2012},
  note = {\url{http://www.forskningsradet.no/en/Newsarticle/Fully_automated_football_analysis/1253981215834/p1177315753918}, accessed 04/21/2013}
}

@patent{alonso2010sportstelemetry,
  author = 	{Ramon A. Alonso},
  title = {{Sports Telemetry System for Collecting Performance Metrics and Data}},
  year = {2010},
  note = {Patent US20100283630}
}

@incollection{elnasr2013spatialgame,
year={2013},
isbn={978-1-4471-4768-8},
booktitle={{Game Analytics}},
editor={Seif El-Nasr, Magy and Drachen, Anders and Canossa, Alessandro},
doi={10.1007/978-1-4471-4769-5_17},
title={{Spatial Game Analytics}},
url={http://dx.doi.org/10.1007/978-1-4471-4769-5_17},
publisher={Springer London},
author={Drachen, Anders and Schubert, Matthias},
pages={365--402},
language={English}
}

@article{tilkov2010node,
  title={{Node.js: Using JavaScript to Build High-Performance Network Programs}},
  author={Tilkov, Stefan and Vinoski, Steve},
  journal={Internet Computing, IEEE},
  volume={14},
  number={6},
  pages={80--83},
  year={2010},
  publisher={IEEE}
}

@incollection{cha2013developing,
  title={{Developing a HTML5-Based Real-Time Monitoring System for Wireless Sensor Networks}},
  author={Cha, Si-Ho},
  booktitle={{Advances in Mechanical and Electronic Engineering}},
  pages={241--245},
  year={2013},
  publisher={Springer}
}

@article{chenwebgl,
  title={{WebGL Massively Multiplayer Online Game}},
  author={Chen, Gianni}
  note = {Thesis Proposal (Draft), \url{https://www.seas.upenn.edu/~cis497/projects2013/GianniChenProposal.pdf}, accessed 04/21/2013}
}

@article{sawicki2013efficient,
year={2013},
issn={0010-485X},
journal={Computing},
doi={10.1007/s00607-012-0275-z},
title={{Efficient Visualization of 3D Models by Web Browser}},
url={http://dx.doi.org/10.1007/s00607-012-0275-z},
publisher={Springer Vienna},
keywords={3D visualization; Mesh streaming; HTML 5; Mobile devices; 68U05 Computing methodologies and applications; Computer graphics; computational geometry; 68U35 Computing methodologies and applications; Information systems (hypertext navigation, interfaces, decision support, etc.); 68M20 Computer system organization; Performance evaluation; queueing; scheduling},
author={Sawicki, Bartosz and Chaber, Bartosz},
pages={1--13},
language={English}
}

@inproceedings{congote2011interactive,
  title={{Interactive Visualization of Volumetric Data with WebGL in Real-time}},
  author={Congote, John and Segura, Alvaro and Kabongo, Luis and Moreno, Aitor and Posada, Jorge and Ruiz, Oscar},
  booktitle={{Proceedings of the 16th International Conference on 3D Web Technology}},
  pages={137--146},
  year={2011},
  organization={ACM}
}

@book{cantor2012webgl,
  title={{WebGL Beginner's Guide}},
  author={Cantor, Diego},
  year={2012},
  publisher={Packt Pub Limited}
}

@article{hoetzlein2012graphics,
  title={{Graphics Performance in Rich Internet Applications}},
  author={Hoetzlein, Rama C},
  journal={Computer Graphics and Applications, IEEE},
  volume={32},
  number={5},
  pages={98--104},
  year={2012},
  publisher={IEEE}
}

@online{ogden2012nodestreams,
  author = {Max Ogden},
  title = {{Node Streams: How do they work?}},
  year = 2012,
  note = {\url{http://maxogden.com/node-streams}, accessed 04/21/2013}
}
